<record><leader>00000cas a22000007a 4500</leader><controlfield tag="001">18048655</controlfield><controlfield tag="008">880607d19101910nduwr ne      0    0eng d</controlfield><datafield ind1=" " ind2=" " tag="010"><subfield code="a">sn 88076119 </subfield></datafield><datafield ind1=" " ind2=" " tag="040"><subfield code="a">NOP</subfield><subfield code="b">eng</subfield><subfield code="c">NOP</subfield><subfield code="d">OCLCQ</subfield></datafield><datafield ind1="0" ind2="0" tag="245"><subfield code="a">Cass County news.</subfield></datafield><datafield ind1="3" ind2="0" tag="246"><subfield code="a">Cass County news and the Wheatland eagle</subfield></datafield><datafield ind1=" " ind2=" " tag="260"><subfield code="a">Wheatland, Cass County, N.D. :</subfield><subfield code="b">Maxwell McNeill</subfield></datafield><datafield ind1=" " ind2=" " tag="300"><subfield code="a">v :</subfield><subfield code="b">ill. ;</subfield><subfield code="c">57 cm.</subfield></datafield><datafield ind1=" " ind2=" " tag="310"><subfield code="a">Weekly</subfield></datafield><datafield ind1="1" ind2=" " tag="362"><subfield code="a">Began in 1910; ceased in 1910.</subfield></datafield><datafield ind1=" " ind2=" " tag="500"><subfield code="a">Published as: Cass County news and the Wheatland eagle, May 27, 1910.</subfield></datafield><datafield ind1=" " ind2=" " tag="530"><subfield code="a">Available on microfilm from the State Historical Society of North Dakota.</subfield></datafield><datafield ind1=" " ind2=" " tag="588"><subfield code="a">Description based on: Vol. 1, no. 3 (Feb. 24, 1910).</subfield></datafield><datafield ind1=" " ind2=" " tag="752"><subfield code="a">United States</subfield><subfield code="b">North Dakota</subfield><subfield code="c">Cass</subfield><subfield code="d">Wheatland.</subfield></datafield><datafield ind1="0" ind2="5" tag="780"><subfield code="a">Wheatland eagle</subfield><subfield code="w">(DLC)sn 89074519</subfield></datafield></record>